@book{adams,
	author = "MARVIN L. ADAMS and EDWARD W. LARSEN", 
	title = "Fast Iterative Methods for Discrete--Ordinates Particle Transport Calculations", 
	publisher = "Progress in Nuclear Technology",
	volume = "40", 
	year = "2002"
}

@book{morel, 
	author = "JAMES S. WARSA and TODD A. WAREING and JIM MOREL",
	title = "Fully Consistent Diffusion Synthetic Acceleration of Linear Discontinuous Transport Discretizations on Three--Dimensional Unstructured Meshes"
} 

@book{llnl, 
	author = "JOHN I. CASTOR", 
	title = "Radiation Hydrodynamics",
	year = "2003"
}

@book{alcouffe, 
	author = "R. E. ALCOUFFE", 
	title = "Diffusion Synthetic Acceleration Methods for the Diamond--Differenced Discrete--Ordinates Equations", 
	year = "1977", 
}

@book{mhfem, 
	author = "FRANCO BREZZI and MICHEL FORTIN", 
	title = "Mixed and Hybdrid Finite Element Methods", 
	year = "1991", 
	publisher = "Springer"
}