@article{vanLeer,
    author =       "B. van Leer",
    title =        "Towards the Ultimate Conservative Difference Scheme {I}: The Quest for Monotonicity",
    journal =      "Lecture Notes in Physics",
    volume =       "18",
    number =       "",
    pages =        "163--168",
    year =         "1973"
}

@article{AL,
	author = "M.L. Adams and E.W. Larsen", 
	title = "Fast Iterative Methods for Discrete-Ordinates Particle Transport Calculations", 
	journal = "Progress in Nuclear Energy", 
	volume = "40", 
	number = "1", 
	pages = "3--159", 
	year = "2002"
}

@article{A,
    author =       "R.E. Alcouffe",
    title =        "Diffusion Synthetic Acceleration Methods for the Diamond-Differenced Discrete-Ordinates Equations",
    journal =      "Nuclear Science and Engineering",
    volume =       "64",
    number =       "",
    pages =        "344--355",
    year =         "1977"
}

@article{WWM,
    author =       "J.S. Warsa and T.A. Wareing and J.E. Morel",
    title =        "Fully-Consistent Diffusion-Synthetic Acceleration of Linear Discontinuous $S_N$ Transport Discretizations on Unstructured Tetrahedral Meshes",
    journal =      "Nuclear Science and Engineering",
    volume =       "141",
    number =       "",
    pages =        "235--251",
    year =         "2002"
}

@article{ML,
    author =       "J.E. Morel and E.W. Larsen",
    title =        "A Multiple Balance Approach for Differencing the $S_N$ Equations",
    journal =      "Nuclear Science and Engineering",
    volume =       "105",
    number =       "",
    pages =        "1--15",
    year =         "1990"
}

@article{AM,
    author =       "Marvin L. Adams and William R. Martin",
    title =        "Diffusion Synthetic Acceleration of Discontinuous Finite Element Transport Iterations",
    journal =      "Nuclear Science and Engineering",
    volume =       "111",
    number =       "",
    pages =        "145--167",
    year =         "1992"
}

@article{WR,
    author =       "Yaqi Wang and Jean C. Ragusa",
    title =        "Diffusion Synthetic Acceleration for High-Order Discontinuous Finite Element $S_N$ Transport Schemes and Application to Locally Refined Unstructured Meshes",
    journal =      "Nuclear Science and Engineering",
    volume =       "166",
    number =       "2",
    pages =        "145--166",
    year =         "2010"
}

@article{LMM,
    author =       "Edward W. Larsen and J.E. Morel and {Warren F. Miller, Jr.}",
    title =        "Asymptotic Solutions of Numerical Transport Problems in Optically Thick, Diffusive Regimes",
    journal =      "Journal of Computational Physics",
    volume =       "69",
    number =       "",
    pages =        "283--324",
    year =         "1987"
}

@article{blast,
    author =       "V. Dobrev and Tz. Kolev and R. Rieben",
    title =        "High-Order Curvilinear Finite Element Methods for Lagrangian Hydrodynamics",
    journal =      "SIAM Journal on Scientific Computing",
    volume =       "34",
    number =       "",
    pages =        "B606--B641",
    year =         "2012"
}

@article{QDBC,
   author =        "M.M. Miften and E.W. Larsen", 
   title =         "The Quasi-Diffusion Method for Solving Transport Problems in Planar and Spherical Geometries",
   journal =       "Journal of Transport Theory and Statistical Physics", 
   volume =        "22(2-3)",
   pages =         "165--186",
   year =          "1992"
}

@article{diflim,
  author = "Edward W. Larsen and J.E. Morel and Warren F. Miller, Jr.", 
  title =  "Asymptotic Solutions of Numerical Transport Problems in Optically Thick, Diffusive Regimes",
  journal = "Journal of Computational Physics", 
  volume =  "69", 
  pages =   "283--324",
  year =    "1987"
}
