@article{vanLeer,
    author =       "B. van Leer",
    title =        "Towards the Ultimate Conservative Difference Scheme {I}: The Quest for Monotonicity",
    journal =      "Lecture Notes in Physics",
    volume =       "18",
    number =       "",
    pages =        "163--168",
    year =         "1973"
}