@article{vanLeer,
    author =       "B. van Leer",
    title =        "Towards the Ultimate Conservative Difference Scheme {I}: The Quest for Monotonicity",
    journal =      "Lecture Notes in Physics",
    volume =       "18",
    number =       "",
    pages =        "163--168",
    year =         "1973"
}

@article{AL,
	author = "M.L. Adams and E.W. Larsen", 
	title = "Fast Iterative Methods for Discrete-Ordinates Particle Transport Calculations", 
	journal = "Progress in Nuclear Energy", 
	volume = "40", 
	number = "1", 
	pages = "3--159", 
	year = "2002"
}

@article{A,
    author =       "R.E. Alcouffe",
    title =        "Diffusion Synthetic Acceleration Methods for the Diamond-Differenced Discrete-Ordinates Equations",
    journal =      "Nuclear Science and Engineering",
    volume =       "64",
    number =       "",
    pages =        "344--355",
    year =         "1977"
}

@article{WWM,
    author =       "J.S. Warsa and T.A. Wareing and J.E. Morel",
    title =        "Fully-Consistent Diffusion-Synthetic Acceleration of Linear Discontinuous {S}$_N$ Transport Discretizations on Unstructured Tetrahedral Meshes",
    journal =      "Nuclear Science and Engineering",
    volume =       "141",
    number =       "",
    pages =        "235--251",
    year =         "2002"
}

@article{ML,
    author =       "J.E. Morel and E.W. Larsen",
    title =        "A Multiple Balance Approach for Differencing the {S}$_N$ Equations",
    journal =      "Nuclear Science and Engineering",
    volume =       "105",
    number =       "",
    pages =        "1--15",
    year =         "1990"
}

@article{AM,
    author =       "Marvin L. Adams and William R. Martin",
    title =        "Diffusion Synthetic Acceleration of Discontinuous Finite Element Transport Iterations",
    journal =      "Nuclear Science and Engineering",
    volume =       "111",
    number =       "",
    pages =        "145--167",
    year =         "1992"
}

@article{WR,
    author =       "Yaqi Wang and Jean C. Ragusa",
    title =        "Diffusion Synthetic Acceleration for High-Order Discontinuous Finite Element {S}$_N$ Transport Schemes and Application to Locally Refined Unstructured Meshes",
    journal =      "Nuclear Science and Engineering",
    volume =       "166",
    number =       "2",
    pages =        "145--166",
    year =         "2010"
}

@article{LMM,
    author =       "Edward W. Larsen and J.E. Morel and {Warren F. Miller, Jr.}",
    title =        "Asymptotic Solutions of Numerical Transport Problems in Optically Thick, Diffusive Regimes",
    journal =      "Journal of Computational Physics",
    volume =       "69",
    number =       "",
    pages =        "283--324",
    year =         "1987"
}

@article{blast,
    author =       "V. Dobrev and Tz. Kolev and R. Rieben",
    title =        "High-Order Curvilinear Finite Element Methods for {L}agrangian Hydrodynamics",
    journal =      "SIAM Journal on Scientific Computing",
    volume =       "34",
    number =       "",
    pages =        "B606--B641",
    year =         "2012"
}

@article{QDBC,
   author =        "M.M. Miften and E.W. Larsen", 
   title =         "The Quasi-Diffusion Method for Solving Transport Problems in Planar and Spherical Geometries",
   journal =       "Journal of Transport Theory and Statistical Physics", 
   volume =        "22(2-3)",
   pages =         "165--186",
   year =          "1992"
}

@article{diflim,
  author = "Edward W. Larsen and J.E. Morel and Warren F. Miller, Jr.", 
  title =  "Asymptotic Solutions of Numerical Transport Problems in Optically Thick, Diffusive Regimes",
  journal = "Journal of Computational Physics", 
  volume =  "69", 
  pages =   "283--324",
  year =    "1987"
}

@article{tele,
  author = "Adam Glenn Irvine and Ian D. Boyd and Nicholas A. Gentile",
  title = "Reducing the Spatial Discretization Error of Thermal Emission in {I}mplicit {M}onte {C}arlo Simulations",
  journal = "Journal of Computational and Theoretical Transport", 
  volume = "45(1-2)",
  pages = "99--122",
  year = "2016"
}

@article{reed,
  author = "\change{William H. Reed}", 
  title = "New Difference Schemes for the Neutron Transport Equation",
  journal = "Nuclear Science and Engineering", 
  volume = "45", 
  pages = "309--314", 
  year = "1971"
}

@Inbook{Raviart1977,
  author="\change{Raviart, P. A. and Thomas, J. M.}",
  title="A mixed finite element method for 2-nd order elliptic problems",
  bookTitle="Mathematical Aspects of Finite Element Methods: Proceedings of the Conference Held in Rome, December 10--12, 1975",
  year="1977",
  publisher="Springer Berlin Heidelberg",
  address="Berlin, Heidelberg",
  pages="292--315"
}
%  editor="Galligani, Ilio and Magenes, Enrico",

@article{goldin, 
  author = "\change{V. Ya. Gol'din}", 
  title = "A Quasi-Diffusion Method of Solving the Kinetic Equation", 
  journal = "USSR Comp. Math. and Math. Physics", 
  volume = "4", 
  pages = "136--149", 
  year = "1964"
}

@BOOK{mihalas,
  author = "\change{D. Mihalas}",
  title = "{Stellar Atmospheres}",
  publisher = {W.~H.~Freeman and Co},
  year = "1978"
}

@inproceedings{wieselquist,
     author  = "\change{W.A. Wieselquist}",
     title   = "A low-order quasidiffusion discretization via linear-continuous finite-elements on unstructured triangular meshes",
     booktitle = "Proceedings of PHYSOR 2010: Advances in Reactor Physics to Power the Nuclear Renaissance, Pittsburgh, PA, May 9-14, 2010",
     publisher = "The American Nuclear Society, for purchase at \textcolor{blue}{$http://www.ans.org/store/item-700356/$}",
     year = "2010"
}

@inproceedings{anistratov,
  author = "\change{D.Y. Anistratov and J.S. Warsa}", 
  title = "{DFEM} discretization of quasidiffusion moment equations in 1D slab geometry", 
  booktitle = "Proceedings of M\&C 2017 - International Conference on Mathematics and Computational Methods Applied to Nuclear Science and Engineering, Jeju, Korea, April 16-20, 2017",
  publisher = "Korean Nuclear Society, available at \textcolor{blue}{$https://www.kns.org/paper/inter\_paper/lists/$}",
  year = 2017
}

@article{hybrid, 
  author = "\change{E.W. Larsen and Jinan Yang}", 
  title = "A functional {M}onte {C}arlo method for k-eigenvalue problems", 
  journal = "Nuclear Science and Engineering", 
  volume = "159", 
  pages = "107-126", 
  year = "2008"
}